@misc{00GettingStarted,
  title = {00. {{Getting Started With SC}} {\textbar} {{SuperCollider}} 3.12.2 {{Help}}},
  note = {consulté le 2023-12-03},
  howpublished = {https://doc.sccode.org/Tutorials/Getting-Started/00-Getting-Started-With-SC.html},
  keywords = {supercollider},
  file = {C:\Users\GuiSh\Zotero-snap\storage\BNQ4W3N9\00-Getting-Started-With-SC.html}
}

@misc{AlanTuring20042007,
  title = {For {{Alan Turing}} (2004)},
  year = {2007},
  month = oct,
  journal = {robin meier},
  note = {consulté le 2023-12-11},
  abstract = {Pi{\`e}ce pour deux r{\'e}seaux de neurones. Compos{\'e} en juin 2004 {\`a} Nice see here for a publication on ``For Alan Turing''. ``For Alan Turing'' met en jeu un r{\'e}seau de neurones artifici{\dots}},
  langid = {american},
  file = {C:\Users\GuiSh\Zotero-snap\storage\RBRDX6VI\robinmeier.net.html}
}

@misc{alexthiMakingMusicShadertoy2022,
  title = {Making {{Music}} in {{Shadertoy}} - {{Episode}} 1 : {{Basics}}, {{Waveforms}}, and a {{Simple Tune}}},
  shorttitle = {Making {{Music}} in {{Shadertoy}} - {{Episode}} 1},
  author = {{alexthi}},
  year = {2022},
  month = jan,
  note = {consulté le 2024-05-08},
  abstract = {In this new series, I will present some techniques I use to create sweet-sounding music using the Shadertoy Sound tab. EPISODE 2 ~~~{$\bullet~$}Making~Music~in~Shadertoy~-~Episode~2...~~ CHAPTERS ------------------- 00:00 Intro 02:26 Analyzing the basic example 10:00 Playing with timing 13:36 Playing with panning 17:00 Different waveforms : square wave 21:13 Sawtooth wave 23:16 Frequency Modulation Synthesis 28:42 Layering two FM synths 31:53 Intervals and frequency 34:00 Creating a simple tune RESOURCES -------------------- Shadertoy : https://www.shadertoy.com/ Graphtoy : https://graphtoy.com/ Final shader code :  https://www.shadertoy.com/view/ssjyDD Songs made in Shadertoy : https://www.shadertoy.com/view/sls3WM https://www.shadertoy.com/view/NddSzl Topics mentioned in this video : Aliasing : https://en.wikipedia.org/wiki/Aliasing Frequency Modulation Synthesis : https://en.wikipedia.org/wiki/Frequen... Equal Temperament : https://en.wikipedia.org/wiki/Equal\_t...}
}

@misc{AlgorithmicComposerGetting,
  title = {Algorithmic Composer: Getting Started with Algorithmic Composition},
  note = {consulté le 2023-11-20},
  howpublished = {http://www.algorithmiccomposer.com/p/algorithmic-composition-getting-started.html},
  file = {C:\Users\GuiSh\Zotero-snap\storage\2JLB24SM\algorithmic-composition-getting-started.html}
}

@misc{AlgorithmicCompositionComputational,
  title = {Algorithmic {{Composition}}: {{Computational Thinking}} in {{Music}} {\textbar} {{July}} 2011 {\textbar} {{Communications}} of the {{ACM}}},
  note = {consulté le 2023-11-17},
  howpublished = {https://cacm.acm.org/magazines/2011/7/109891-algorithmic-composition/abstract},
  file = {C:\Users\GuiSh\Zotero-snap\storage\ZKZGEH9F\abstract.html}
}

@misc{ArtCodeYouTube,
  title = {The {{Art}} of {{Code}} - {{YouTube}}},
  note = {consulté le 2024-05-08},
  howpublished = {https://www.youtube.com/@TheArtofCodeIsCool/videos}
}

@misc{asiaDemosceneUndergroundArt2019,
  title = {Demoscene: {{The Underground Art}} of {{Real-time}}},
  shorttitle = {Demoscene},
  author = {Asia, {\relax SIGGRAPH}},
  year = {2019},
  month = oct,
  journal = {ACM SIGGRAPH Blog},
  note = {consulté le 2023-11-17},
  abstract = {Find out more about Demoscene, SIGGRAPH Asia 2019's newest program, and discover what you can expect to see when it debuts this November.},
  langid = {american},
  keywords = {cg,demoscene},
  file = {C:\Users\GuiSh\Zotero-snap\storage\U2RG7T4A\demoscene-the-underground-art-of-real-time.html.html}
}

@misc{BookShaders,
  title = {The {{Book}} of {{Shaders}}},
  journal = {The Book of Shaders},
  note = {consulté le 2024-05-08},
  abstract = {Gentle step-by-step guide through the abstract and complex universe of Fragment Shaders.},
  howpublished = {https://thebookofshaders.com/},
  file = {C:\Users\GuiSh\Zotero-snap\storage\ZPMXHVB2\thebookofshaders.com.html}
}

@misc{CookieCollective,
  title = {Cookie {{Collective}}},
  journal = {Cookie Collective},
  note = {consulté le 2024-05-08},
  abstract = {Cookie Collective gathers digital artists involved in real-time creation. This covers video games, art installations, video mapping, demoscene, live coding, etc.},
  howpublished = {https://cookie.paris/},
  langid = {english},
  file = {C:\Users\GuiSh\Zotero-snap\storage\5K5C9RX7\www.cookie.paris.html}
}

@misc{crashserverFoxDotTutorialPrint2022,
  title = {{{FoxDot Tutorial}} - {{Print}} the {{Code}} in a Retro {{CRT}} Terminal.},
  author = {{crashserver}},
  year = {2022},
  month = mar,
  journal = {CrashServer},
  note = {consulté le 2024-01-13},
  abstract = {A Foxdot/Troop tutorial to display the code in a terminal sending upd packets.},
  langid = {american},
  file = {C:\Users\GuiSh\Zotero-snap\storage\WB8WB3XX\foxdot-tutorial-code-in-a-terminal-with-udp-send.html}
}

@misc{crashserverTutorialHowCustomize2020,
  title = {Tutorial - {{How}} to Customize {{Foxdot}} with Your Own {{Synths}}, Effects, Functions and Samples.},
  author = {{crashserver}},
  year = {2020},
  month = mar,
  journal = {CrashServer},
  note = {consulté le 2023-12-22},
  abstract = {How to customize Foxdot with your own Synths, effects, functions and samples. One of FoxDot~greatest strength is that you can easily add new functions and new sounds (synths, effects, samples). In this article, we will cover a way to achieve that -- it might not be the best but it works for us. This is [{\dots}]},
  langid = {american},
  file = {C:\Users\GuiSh\Zotero-snap\storage\MT3DMN6P\how-to-customize-foxdot-with-your-own-synths-effects-functions-and-samples.html}
}

@misc{crashserverTutorialHowRecord2020,
  title = {Tutorial - {{How}} to Record {{FoxDot}} Multi Outputs in a {{DAW}}.},
  author = {{crashserver}},
  year = {2020},
  month = dec,
  journal = {CrashServer},
  note = {consulté le 2024-01-13},
  abstract = {How to record each Foxdot players in Ardour or any DAW with multi channels and configure SuperCollider for multi outputs.},
  langid = {american},
  file = {C:\Users\GuiSh\Zotero-snap\storage\8L9RSMSS\tutorial-how-to-record-foxdot-multi-outputs-in-a-daw.html}
}

@misc{crashserverTutorialWriteYour2022,
  title = {Tutorial - {{Write}} Your Own {{FoxDot}} Custom Function with {{Python}}.},
  author = {{crashserver}},
  year = {2022},
  month = aug,
  journal = {CrashServer},
  note = {consulté le 2024-01-13},
  abstract = {Write your own custom FoxDot function with Python. We have already seen how to customize Foxdot with its own samples, synth and fx. In this tutorial we will focus on creating functions using Python. We will not go back over the basics of this language but rather we will see how to use functions already [{\dots}]},
  langid = {american},
  file = {C:\Users\GuiSh\Zotero-snap\storage\WUGGDAGX\tutorial-write-your-own-foxdot-custom-function-with-python.html}
}

@misc{crashserverUltimateFoxDotPython2022,
  title = {Ultimate {{FoxDot}} Python Custom Functions},
  author = {{crashserver}},
  year = {2022},
  month = aug,
  journal = {CrashServer},
  note = {consulté le 2024-01-13},
  abstract = {Some useful custom foxdot functions we use live, written with Python code.},
  langid = {american},
  file = {C:\Users\GuiSh\Zotero-snap\storage\ATRZ67NL\the-ultimate-crash-server-foxdot-python-custom-functions.html}
}

@misc{Curio,
  title = {Curio},
  note = {consulté le 2024-05-08},
  howpublished = {https://curio.scene.org/},
  file = {C:\Users\GuiSh\Zotero-snap\storage\YQYQRU5B\curio.scene.org.html}
}

@misc{Demoscene,
  title = {About the {{Demoscene}}},
  journal = {Demoscene - The Art of Coding},
  note = {consulté le 2023-11-17},
  abstract = {We are just beginning to compile this website as central resource for the campaign, and for a full description what the demoscene is and does we{\textasciiacute}d like to point for demoscene-resources and articles in the link section further below for this. To give a very brief description: What is the demoscene? The demoscene is a {\dots}},
  howpublished = {https://demoscene-the-art-of-coding.net/the-demoscene/},
  langid = {american},
  file = {C:\Users\GuiSh\Zotero-snap\storage\CSJTH6JF\the-demoscene.html}
}

@misc{DemoscenedocYouTube,
  title = {Demoscenedoc - {{YouTube}}},
  note = {consulté le 2023-11-17},
  howpublished = {https://www.youtube.com/channel/UC7KMIfYZT0L\_ds8HS3Kf-jA},
  file = {C:\Users\GuiSh\Zotero-snap\storage\AS8293E7\UC7KMIfYZT0L_ds8HS3Kf-jA.html}
}

@misc{DemosceneResearch,
  title = {Demoscene {{Research}}},
  note = {consulté le 2024-02-17},
  langid = {american},
  file = {C:\Users\GuiSh\Zotero-snap\storage\PTI47X36\demoresearch2.html}
}

@misc{Demozoo,
  title = {Demozoo},
  note = {consulté le 2024-05-08},
  howpublished = {https://demozoo.org/},
  file = {C:\Users\GuiSh\Zotero-snap\storage\GI7VNSUW\demozoo.org.html}
}

@misc{EvenementsCreative_codingFuz,
  title = {Evenements:Creative\_coding [{{Fuz Hackerspace}}]},
  note = {consulté le 2023-11-17},
  howpublished = {https://wiki.fuz.re/doku.php?id=evenements:creative\_coding},
  file = {C:\Users\GuiSh\Zotero-snap\storage\JJXJGHUN\doku.html}
}

@misc{FreaxBriefHistory,
  title = {Freax: {{The Brief History}} of the {{Computer Demoscene}} - {{Tam{\'a}s}}, {{Polg{\'a}r}} - {{Google Livres}}},
  note = {consulté le 2023-11-21},
  howpublished = {https://books.google.fr/books?id=Ha2\_EAAAQBAJ\&pg=PT29\&hl=fr\&source=gbs\_toc\_r\&cad=2\#v=onepage\&q\&f=false},
  file = {C:\Users\GuiSh\Zotero-snap\storage\ZCRQ2LRZ\books.html}
}

@misc{GitHubPoetasterSupercolliderlsystems,
  title = {{{GitHub}} - Poetaster/Supercollider-Lsystems: {{This}} Is a Set of Supercollider Compositions to Musicially Illustrate Some l-Systems {{I}} Wrote.},
  note = {consulté le 2023-12-11},
  howpublished = {https://github.com/poetaster/supercollider-lsystems},
  file = {C:\Users\GuiSh\Zotero-snap\storage\JVNJIRA2\supercollider-lsystems.html}
}

@misc{GPUAcceleratedMandelbrot,
  title = {{{GPU Accelerated Mandelbrot Set}} in {{Shadertoy}}},
  note = {consulté le 2023-11-22},
  howpublished = {https://arnestenkrona.github.io/blog/2021/03/04/Mandelbrot-in-Shadertoy},
  file = {C:\Users\GuiSh\Zotero-snap\storage\LZJV3GYJ\Mandelbrot-in-Shadertoy.html}
}

@misc{HomeP5Js,
  title = {Home {\textbar} P5.Js},
  note = {consulté le 2024-05-08},
  howpublished = {https://p5js.org/},
  file = {C:\Users\GuiSh\Zotero-snap\storage\MD49M6UI\p5js.org.html}
}

@misc{LearnOpenGLExtensive,
  title = {Learn {{OpenGL}}, Extensive Tutorial Resource for Learning {{Modern OpenGL}}},
  note = {consulté le 2024-05-08},
  howpublished = {https://learnopengl.com/},
  file = {C:\Users\GuiSh\Zotero-snap\storage\QIR4U4WH\learnopengl.com.html}
}

@misc{ListDemosceneEvents,
  title = {A List of Demoscene Events -- Demoparty.Net},
  note = {consulté le 2023-11-17},
  howpublished = {https://www.demoparty.net/},
  file = {C:\Users\GuiSh\Zotero-snap\storage\UABYSN5Q\www.demoparty.net.html}
}

@misc{Livecoding_website,
  title = {Livecoding\_website},
  note = {consulté le 2023-11-16},
  howpublished = {https://livecoding.fr/},
  file = {C:\Users\GuiSh\Zotero-snap\storage\V2CDLASS\livecoding.fr.html}
}

@misc{LivecodingTutorialsTips,
  title = {Livecoding {{Tutorials}} and Tips - {{YouTube}}},
  note = {consulté le 2023-12-23},
  howpublished = {https://www.youtube.com/playlist?list=PLIKH\_fHtdeLlF9gUUUNSVY9n0iZnZ2yUL},
  file = {C:\Users\GuiSh\Zotero-snap\storage\NT5DMRNM\playlist.html}
}

@misc{MaxTfirnUniversity,
  title = {Max {{Tfirn}} {\textbar} {{University}} of {{Virginia}} - {{Academia}}.Edu},
  note = {consulté le 2023-12-11},
  howpublished = {https://virginia.academia.edu/MaxTfirn},
  file = {C:\Users\GuiSh\Zotero-snap\storage\LN7FCL92\MaxTfirn.html}
}

@misc{MusicAlgoPetiteIntroduction,
  title = {{MusicAlgo -- Petite introduction pratique aux musiques g{\'e}n{\'e}ratives et algorithmiques}},
  note = {consulté le 2023-11-17},
  langid = {french},
  file = {C:\Users\GuiSh\Zotero-snap\storage\MP9BR2US\musiquealgorithmique.fr.html}
}

@misc{MyApproachAutomatic,
  title = {My {{Approach}} to {{Automatic Musical Composition}}},
  note = {consulté le 2023-11-17},
  howpublished = {https://flujoo.github.io/en/my-approach-to-automatic-musical-composition/},
  file = {C:\Users\GuiSh\Zotero-snap\storage\YIN2BK3E\my-approach-to-automatic-musical-composition.html}
}

@misc{NeHeProductionsEverything,
  title = {{{NeHe Productions}} - {{Everything OpenGL}}},
  note = {consulté le 2024-02-17},
  howpublished = {http://nehe.gamedev.net/},
  file = {C:\Users\GuiSh\Zotero-snap\storage\XT3272ZG\nehe.gamedev.net.html}
}

@misc{OxfordHandbookAlgorithmic,
  title = {The {{Oxford Handbook}} of {{Algorithmic Music}} - {{R}}. {{T}}. {{Dean}} - {{Google Livres}}},
  note = {consulté le 2023-11-19},
  howpublished = {https://books.google.fr/books?hl=fr\&lr=\&id=mA5EDwAAQBAJ\&oi=fnd\&pg=PP1\&dq=algorithmic+music\&ots=FTS7ayXyxj\&sig=it5d4AewFAJ1YT9zuLxb54-6RR8\#v=onepage\&q=algorithmic\%20music\&f=false},
  file = {C:\Users\GuiSh\Zotero-snap\storage\E5J284N9\books.html}
}

@misc{PaintingMathGentle2023,
  title = {Painting with {{Math}}: {{A Gentle Study}} of {{Raymarching}} - {{Maxime Heckel}}'s {{Blog}}},
  shorttitle = {Painting with {{Math}}},
  year = {2023},
  month = sep,
  note = {consulté le 2024-05-08},
  abstract = {A compilation of my Raymarching and Signed Distance Field learnings and work. In it, I teach you how to leverage those techniques along with lighting models, smoothmin, soft shadows, and some math to create beautiful 3D raymarched scenes ranging from abstract shapes to infinite realistic-looking landscapes.},
  howpublished = {https://blog.maximeheckel.com/posts/painting-with-math-a-gentle-study-of-raymarching/},
  langid = {english},
  file = {C:\Users\GuiSh\Zotero-snap\storage\LB23AHR4\painting-with-math-a-gentle-study-of-raymarching.html}
}

@misc{PhysicallyBasedRendering,
  title = {Physically {{Based Rendering}}: {{From Theory}} to {{Implementation}}},
  note = {consulté le 2024-02-17},
  howpublished = {https://www.pbr-book.org/},
  file = {C:\Users\GuiSh\Zotero-snap\storage\4WJXKLSE\www.pbr-book.org.html}
}

@misc{PoetasterMarkWasheim,
  title = {Poetaster ({{Mark Washeim}}) {$\cdot$} {{GitHub}}},
  note = {consulté le 2023-12-11},
  howpublished = {https://github.com/poetaster},
  file = {C:\Users\GuiSh\Zotero-snap\storage\H9FZX5GN\poetaster.html}
}

@misc{QUESTCEQUE,
  title = {{QU'EST-CE QUE LA MUSIQUE ALGORITHMIQUE ? -- MusicAlgo}},
  shorttitle = {{QU'EST-CE QUE LA MUSIQUE ALGORITHMIQUE ?}},
  note = {consulté le 2023-11-17},
  langid = {french},
  file = {C:\Users\GuiSh\Zotero-snap\storage\9XSFZMWT\quest-ce-que-la-musique-algorithmique.html}
}

@misc{quilezInigoQuilez,
  title = {Inigo {{Quilez}}},
  author = {Quilez, Inigo},
  note = {consulté le 2024-05-08},
  abstract = {Articles on computer graphics, math and art},
  howpublished = {https://iquilezles.org},
  langid = {english},
  file = {C:\Users\GuiSh\Zotero-snap\storage\JG69BP8Z\iquilezles.org.html}
}

@misc{RayMarching,
  title = {Ray {{Marching}}},
  journal = {Michael Walczyk},
  note = {consulté le 2024-05-08},
  abstract = {Software Engineer \& Media Artist �� Instagram �� Github �� LinkedIn},
  howpublished = {https://michaelwalczyk.com/blog-ray-marching.html},
  langid = {american},
  file = {C:\Users\GuiSh\Zotero-snap\storage\QZB9NIU3\blog-ray-marching.html}
}

@misc{RayMarchingSignedd,
  title = {Ray {{Marching}} and {{Signed Distance Functions}}},
  journal = {Zero Wind :: Jamie Wong},
  note = {consulté le 2024-05-08},
  abstract = {One of the techniques used in many demo scenes is called ray marching. This algorithm, used in combination with a special kind of function called},
  howpublished = {http://jamie-wong.com/2016/07/15/ray-marching-signed-distance-functions/},
  langid = {american},
  file = {C:\Users\GuiSh\Zotero-snap\storage\ARIHZZ9Y\ray-marching-signed-distance-functions.html}
}

@misc{RayTracingOne,
  title = {Ray {{Tracing}} in {{One Weekend Series}}},
  note = {consulté le 2024-05-08},
  howpublished = {https://raytracing.github.io/}
}

@misc{RealtimeDreamyCloudscapes2023,
  title = {Real-Time Dreamy {{Cloudscapes}} with {{Volumetric Raymarching}} - {{Maxime Heckel}}'s {{Blog}}},
  year = {2023},
  month = oct,
  note = {consulté le 2024-05-08},
  abstract = {This article is a deep dive into my experimentations with Volumetric rendering and how to leverage it to render beautiful raymarched cloudscapes in React Three Fiber and WebGL. In it, I walk you through everything from the basics of Volumetric Raymarching to the techniques used in video games to render physically accurate clouds.},
  howpublished = {https://blog.maximeheckel.com/posts/real-time-cloudscapes-with-volumetric-raymarching/},
  langid = {english},
  file = {C:\Users\GuiSh\Zotero-snap\storage\MHXGMQTG\real-time-cloudscapes-with-volumetric-raymarching.html}
}

@misc{RefractionDispersionOther2023,
  title = {Refraction, Dispersion, and Other Shader Light Effects - {{Maxime Heckel}}'s {{Blog}}},
  year = {2023},
  month = jan,
  note = {consulté le 2024-05-08},
  abstract = {A guide on how to reproduce a chromatic dispersion effect for your React Three Fiber and shader projects with FBO, refraction, chromatic aberration, specular, and other tricks through 9 interactive code playgrounds.},
  howpublished = {https://blog.maximeheckel.com/posts/refraction-dispersion-and-other-shader-light-effects/},
  langid = {english}
}

@misc{RenderingMandelbrotSet,
  title = {Rendering the {{Mandelbrot Set}} with Shaders --- {{Using OpenGL}} and {{GLSL}} >> {{Arukiap}}},
  note = {consulté le 2023-11-22},
  howpublished = {https://arukiap.github.io/fractals/2019/06/02/rendering-the-mandelbrot-set-with-shaders.html},
  file = {C:\Users\GuiSh\Zotero-snap\storage\PU5H3WU7\rendering-the-mandelbrot-set-with-shaders.html}
}

@misc{Revision2023April,
  title = {Revision 2023 - {{April}} 7th to 10th},
  note = {consulté le 2024-05-08},
  howpublished = {https://2023.revision-party.net/},
  file = {C:\Users\GuiSh\Zotero-snap\storage\KJXW9QZQ\2023.revision-party.net.html}
}

@misc{ScratchapixelLearnComputer,
  title = {Scratchapixel 4.0, {{Learn Computer Graphics Programming}}},
  note = {consulté le 2024-05-08},
  howpublished = {https://www.scratchapixel.com/index.html}
}

@misc{SebastianLagueYouTube,
  title = {Sebastian {{Lague}} - {{YouTube}}},
  note = {consulté le 2024-05-08},
  howpublished = {https://www.youtube.com/@SebastianLague}
}

@misc{ShadertoyTutorialPart,
  title = {Shadertoy {{Tutorial Part}} 1 - {{Intro}}},
  note = {consulté le 2024-05-08},
  howpublished = {https://inspirnathan.com/posts/47-shadertoy-tutorial-part-1}
}

@misc{SimonDevYouTube,
  title = {{{SimonDev}} - {{YouTube}}},
  note = {consulté le 2024-05-08},
  howpublished = {https://www.youtube.com/@simondev758}
}

@misc{SizeCoding,
  title = {{{SizeCoding}}},
  note = {consulté le 2024-02-17},
  howpublished = {http://www.sizecoding.org/wiki/Main\_Page},
  file = {C:\Users\GuiSh\Zotero-snap\storage\XRSC4S2J\Main_Page.html}
}

@misc{StackGl,
  title = {Stack.Gl},
  note = {consulté le 2024-05-08},
  howpublished = {https://stack.gl/},
  file = {C:\Users\GuiSh\Zotero-snap\storage\I9ZNEG8T\stack.gl.html}
}

@misc{SyntheseSonore2002,
  title = {{La synth{\`e}se sonore}},
  year = {2002},
  month = feb,
  journal = {Audiofanzine},
  note = {consulté le 2023-12-03},
  abstract = {La musique {\'e}lectronique n'a pas su imiter de fa{\c c}on satisfaisante les sons instrumentaux, m{\^e}me en s'aidant de synth{\`e}ses de Fourier fond{\'e}es sur des analyses pr{\'e}alables. Notamment, les sons qui {\'e}voluent dans le temps ne pouvaient {\^e}tre reconstitu{\'e}s par des g{\'e}n{\'e}rateurs sonores au timbre fixe. Le traitement num{\'e}rique a heureusement permis de prendre en compte les variations dans le cours m{\^e}me du son.},
  howpublished = {https://fr.audiofanzine.com/synthetiseur-rack/editorial/dossiers/la-synthese-sonore.html},
  langid = {french},
  file = {C:\Users\GuiSh\Zotero-snap\storage\DFXE8PIH\la-synthese-sonore.html}
}

@misc{SyntheseSonoreAudiofanzine,
  title = {La Synth{\`e}se Sonore - {{Audiofanzine}}},
  note = {consulté le 2023-12-03},
  howpublished = {https://fr.audiofanzine.com/synthetiseur-rack/editorial/dossiers/la-synthese-sonore.html},
  file = {C:\Users\GuiSh\Zotero-snap\storage\P9D4YU24\la-synthese-sonore.html}
}

@misc{ThreeJsJavaScript,
  title = {Three.Js -- {{JavaScript 3D Library}}},
  note = {consulté le 2024-05-08},
  howpublished = {https://threejs.org/},
  langid = {english},
  file = {C:\Users\GuiSh\Zotero-snap\storage\KGUELLY3\threejs.org.html}
}

@misc{TodePondYouTube,
  title = {{{TodePond}} - {{YouTube}}},
  note = {consulté le 2023-12-07},
  howpublished = {https://www.youtube.com/@TodePond/videos},
  file = {C:\Users\GuiSh\Zotero-snap\storage\KBMXM5IR\videos.html}
}

@misc{TutorialHowCustomize,
  title = {Tutorial - {{How}} to Customize {{Foxdot}} with Your Own {{Synths}}, Effects, Functions and Samples. - {{CrashServer}}},
  note = {consulté le 2023-12-22},
  howpublished = {https://crashserver.fr/how-to-customize-foxdot-with-your-own-synths-effects-functions-and-samples/},
  file = {C:\Users\GuiSh\Zotero-snap\storage\MBV64THU\how-to-customize-foxdot-with-your-own-synths-effects-functions-and-samples.html}
}

@misc{vachharIridescentCrystalRaymarching2023,
  title = {Iridescent Crystal with Raymarching and Signed Distance Fields},
  author = {Vachhar, Varun},
  year = {2023},
  month = jun,
  journal = {Varun Vachhar},
  note = {consulté le 2024-05-08},
  abstract = {When building a 3D scene using libraries such as Three.js we generally use meshes. You define a geometry attach some material to it to{\dots}},
  howpublished = {https://varun.ca/ray-march-sdf/},
  langid = {english},
  file = {C:\Users\GuiSh\Zotero-snap\storage\L7SDGIQA\ray-march-sdf.html}
}

@misc{vachharNoiseCreativeCoding2021,
  title = {Noise in {{Creative Coding}}},
  author = {Vachhar, Varun},
  year = {2021},
  month = apr,
  journal = {Varun Vachhar},
  note = {consulté le 2024-05-08},
  abstract = {Noise is an indispensable tool for creative coding. We use it to generate all kinds of organic effects like clouds, landscapes and contours{\dots}},
  howpublished = {https://varun.ca/noise/},
  langid = {english},
  file = {C:\Users\GuiSh\Zotero-snap\storage\8E98D54B\noise.html}
}

@misc{vaughnShaderResources2021,
  title = {Shader {{Resources}}},
  author = {Vaughn, Nathan},
  year = {2021-05-31T00:00:00.000ZT00:00:00.000-06:00},
  journal = {inspirnathan},
  note = {consulté le 2024-01-21},
  abstract = {Learn about additional resources for shader development!},
  chapter = {Coding},
  howpublished = {https://inspirnathan.com/posts/64-shader-resources},
  langid = {english},
  file = {C:\Users\GuiSh\Zotero-snap\storage\ZHVXVVJZ\64-shader-resources.html}
}

@misc{VisualModelsMorphogenesis,
  title = {Visual {{Models}} of {{Morphogenesis}}: {{Title}} Page},
  note = {consulté le 2024-05-08},
  howpublished = {http://algorithmicbotany.org/vmm-deluxe/TitlePage.html},
  file = {C:\Users\GuiSh\Zotero-snap\storage\8CQ87YQC\TitlePage.html}
}

@misc{VisualMusicProQuest,
  title = {{Visual Music - ProQuest}},
  note = {consulté le 2023-11-20},
  abstract = {Explore millions of resources from scholarly journals, books, newspapers, videos and more, on the ProQuest Platform.},
  howpublished = {https://www.proquest.com/openview/2a49f35f8bd47be0e91433c1c5944092/1?pq-origsite=gscholar\&cbl=1817017},
  langid = {french},
  file = {C:\Users\GuiSh\Zotero-snap\storage\N9UMSLSF\1.html}
}

@misc{vivoPatriciogonzalezvivoLygia2024,
  title = {Patriciogonzalezvivo/Lygia},
  author = {Vivo, Patricio Gonzalez},
  year = {2024},
  month = may,
  note = {consulté le 2024-05-08},
  abstract = {LYGIA, it's a granular and multi-language (GLSL, HLSL, WGSL, MSL and CUDA) shader library designed for performance and flexibility},
  keywords = {computer-graphics,glsl,glsl-shader,hlsl,hlsl-shader,library,metal,metal-shader,shader,shader-library,shaders,webgl,wgpu,wgsl,wgsl-shader}
}

@misc{WaybackMachine2004,
  title = {Wayback {{Machine}}},
  year = {2004},
  month = jun,
  note = {consulté le 2023-11-17},
  howpublished = {https://web.archive.org/web/20040616151606/http://www.acid.org/images/sfdemo04/IA4\_1demosceneshoreval.pdf},
  file = {C:\Users\GuiSh\Zotero-snap\storage\78LINSB5\2004 - Wayback Machine.pdf}
}

@misc{WaybackMachine2016,
  title = {Wayback {{Machine}}},
  year = {2016},
  month = jun,
  note = {consulté le 2023-11-17},
  howpublished = {https://web.archive.org/web/20160602200142/http://www.isea2010ruhr.org/files/redaktion/pdf/isea2010\_proceedings\_p11\_hartmann.pdf},
  file = {C:\Users\GuiSh\Zotero-snap\storage\PZXJ6UI8\2016 - Wayback Machine.pdf}
}

@misc{WebGLFundamentals,
  title = {{{WebGL Fundamentals}}},
  note = {consulté le 2024-02-17},
  abstract = {Learn WebGL from the ground up. No magic},
  howpublished = {https://webglfundamentals.org},
  langid = {english}
}
